
@misc{data, 
title={Electric-power-consumption-(kWh-per-capita)-Pakistan}, url={https://data.worldbank.org/indicator/EG.USE.ELEC.KH.PC?locations=PK},
journal={Data}}

@misc{theexpresstribune_2020, 
title={Redesigning the smart meter project}, url={https://tribune.com.pk/story/2223627/redesigning-smart-meter-project}, 
journal={The Express Tribune}, year={2020}, month={May}}

@misc{tweed_2015, 
title={New York Prepares for Millions of Smart Meters Under REV}, url={https://www.greentechmedia.com/articles/read/new-york-prepares-for-millions-of-smart-meters-under-rev}, 
journal={Greentech Media}, 
publisher={Greentech Media}, 
author={Tweed, Katherine}, 
year={2015}, month={Nov}}

@article{kaur_ahuja_2017, 
title={Time Series Analysis and Prediction of Electricity Consumption of Health Care Institution Using ARIMA Model}, 
DOI={10.1007/978-981-10-3325-4_35}, 
journal={Advances in Intelligent Systems and Computing Proceedings of Sixth International Conference on Soft Computing for Problem Solving}, 
author={Kaur, Harveen and Ahuja, Sachin}, 
year={2017}, 
pages={347–358}}

@article{Theile2018DayaheadEC,
  title={Day-ahead electricity consumption prediction of a population of households: analyzing different machine learning techniques based on real data from RTE in France},
  author={P. Theile and Anna-Linnea Towle and Kaustubh Karnataki and Alessandro Crosara and K. Paridari and G. Turk and L. Nordstr{\"o}m},
  journal={2018 IEEE International Conference on Communications, Control, and Computing Technologies for Smart Grids (SmartGridComm)},
  year={2018},
  pages={1-6}
}

@article{bot_ruano_ruano_2020, 
title={Forecasting Electricity Consumption in Residential Buildings for Home Energy Management Systems}, 
DOI={10.1007/978-3-030-50146-4_24}, 
journal={Information Processing and Management of Uncertainty in Knowledge-Based Systems Communications in Computer and Information Science}, 
author={Bot, Karol and Ruano, Antonio and Ruano, Maria Da Graça}, 
year={2020}, 
pages={313–326}}

@article{singh_hussain_bazaz_2017, 
title={Short term load forecasting using artificial neural network}, DOI={10.1109/iciip.2017.8313703}, 
journal={2017 Fourth International Conference on Image Information Processing (ICIIP)}, 
author={Singh, Saurabh and Hussain, Shoeb and Bazaz, Mohammad Abid}, 
year={2017}}


@Article{app11052229,
AUTHOR = {Truong, Le Hoai My and Chow, Ka Ho Karl and Luevisadpaibul, Rungsimun and Thirunavukkarasu, Gokul Sidarth and Seyedmahmoudian, Mehdi and Horan, Ben and Mekhilef, Saad and Stojcevski, Alex},
TITLE = {Accurate Prediction of Hourly Energy Consumption in a Residential Building Based on the Occupancy Rate Using Machine Learning Approaches},
JOURNAL = {Applied Sciences},
VOLUME = {11},
YEAR = {2021},
NUMBER = {5},
ARTICLE-NUMBER = {2229},
URL = {https://www.mdpi.com/2076-3417/11/5/2229},
ISSN = {2076-3417},
DOI = {10.3390/app11052229}
}

@article{articleSajjad,
author = {Sajjad, Muhammad and Khan, Zulfiqar and Ullah, Amin and Hussain, Tanveer and Ullah, Waseem and Lee, Miyoung and Baik, Sung},
year = {2020},
month = {07},
pages = {1-1},
title = {A Novel CNN-GRU based Hybrid Approach for Short-term Residential Load Forecasting},
volume = {PP},
journal = {IEEE Access},
doi = {10.1109/ACCESS.2020.3009537}
}

@article{DBLP:journals/corr/abs-1906-02646,
  author    = {Ali Hooshmand and
               Ratnesh Sharma},
  title     = {Energy Predictive Models with Limited Data using Transfer Learning},
  journal   = {CoRR},
  volume    = {abs/1906.02646},
  year      = {2019},
  url       = {http://arxiv.org/abs/1906.02646},
  archivePrefix = {arXiv},
  eprint    = {1906.02646},
  timestamp = {Thu, 13 Jun 2019 13:36:00 +0200},
  biburl    = {https://dblp.org/rec/journals/corr/abs-1906-02646.bib},
  bibsource = {dblp computer science bibliography, https://dblp.org}
}


@article{articleHussain,
author = {Hussain, Dr},
year = {2016},
month = {09},
pages = {1-10},
title = {Methods and Techniques of Electricity Thieving in Pakistan},
volume = {4},
journal = {Journal of Power and Energy Engineering},
doi = {10.4236/jpee.2016.49001.}
}

@article{articleJaiswal,
author = {Jaiswal, Supriya and Ballal, Makarand},
year = {2020},
month = {03},
pages = {},
title = {Fuzzy Inference Based Electricity Theft Prevention System to Restrict Direct Tapping Over Distribution Line},
volume = {15},
journal = {Journal of Electrical Engineering \& Technology},
doi = {10.1007/s42835-020-00408-7}
}

@INPROCEEDINGS{9194176,  
author={Nadeem, Ahmad and Arshad, Naveed},  
booktitle={2019 International Conference on Advances in the Emerging Computing Technologies (AECT)},   
title={Short Term Load Forecasting on PRECON Dataset},   
year={2020},  
pages={1-6},  
doi={10.1109/AECT47998.2020.9194176}}

@unknown{unknown,
author = {Kologlu, Yunus and Birinci, Hasan and Ilgaz, Sevde and Ozyilmaz, Burhan},
year = {2018},
month = {07},
pages = {},
title = {A Multiple Linear Regression Approach For Estimating the Market Value of Football Players in Forward Position}
}


@Article{RePEc:spr:scient:v:101:y:2014:i:2:d:10.1007_s11192-014-1279-6,
  author={Tian Yu and Guang Yu and Peng-Yu Li and Liang Wang},
  title={{Citation impact prediction for scientific papers using stepwise regression analysis}},
  journal={Scientometrics},
  year=2014,
  volume={101},
  number={2},
  pages={1233-1252},
  month={November},
  keywords={Scientific paper; Citation impact prediction; Feature space; Multiple regression},
  doi={10.1007/s11192-014-1279-6},
  url={https://ideas.repec.org/a/spr/scient/v101y2014i2d10.1007_s11192-014-1279-6.html}
}

@inproceedings{wang2013comparison,
  title={A comparison of approaches to stepwise regression for global sensitivity analysis used with evolutionary optimization},
  author={Wang, Mengchao and Wright, Jonathan and Buswell, Richard and Brownlee, Alexander},
  booktitle={Proceedings of the BS2013, 13th Conference of International Building Performance Simulation Association, Chamb{\'e}ry, France},
  pages={26--28},
  year={2013}
}

@article{drucker1997support,
  title={Support vector regression machines},
  author={Drucker, Harris and Burges, Chris JC and Kaufman, Linda and Smola, Alex and Vapnik, Vladimir and others},
  journal={Advances in neural information processing systems},
  volume={9},
  pages={155--161},
  year={1997},
  publisher={Morgan Kaufmann Publishers}
}

@article{specht1991general,
  title={A general regression neural network},
  author={Specht, Donald F and others},
  journal={IEEE transactions on neural networks},
  volume={2},
  number={6},
  pages={568--576},
  year={1991},
  publisher={Citeseer}
}

@book{bottenberg1963applied,
  title={Applied multiple linear regression},
  author={Bottenberg, Robert A and Ward, Joe H},
  volume={63},
  number={6},
  year={1963},
  publisher={6570th Personnel Research Laboratory, Aerospace Medical Division, Air Force~…}
}

@article{BIANSOONGNERN2016172,
title = {Non-Intrusive Appliances Load Monitoring (NILM) for Energy Conservation in Household with Low Sampling Rate},
journal = {Procedia Computer Science},
volume = {86},
pages = {172-175},
year = {2016},
note = {2016 International Electrical Engineering Congress, iEECON2016, 2-4 March 2016, Chiang Mai, Thailand},
issn = {1877-0509},
doi = {https://doi.org/10.1016/j.procs.2016.05.049},
url = {https://www.sciencedirect.com/science/article/pii/S1877050916303854},
author = {Somchai Biansoongnern and Boonyang Plungklang},
keywords = {NILM, Load Disaggregate, Smart Meter},
}

@article{articleBerges,
author = {Berges, Mario and Goldman, Ethan and Matthews, H. and Soibelman, Lucio and Anderson, Kyle},
year = {2011},
month = {11},
pages = {471-480},
title = {User-Centered Nonintrusive Electricity Load Monitoring for Residential Buildings},
volume = {25},
journal = {Journal of Computing in Civil Engineering},
doi = {10.1061/(ASCE)CP.1943-5487.0000108}
}


@ARTICLE{5582070,  
author={Marchiori, Alan and Hakkarinen, Douglas and Han, Qi and Earle, Lieko},  journal={IEEE Pervasive Computing},   
title={Circuit-Level Load Monitoring for Household Energy Management},   year={2011},  
volume={10},  
number={1},  
pages={40-48},  
doi={10.1109/MPRV.2010.72}}

% % {"mode":"full","isActive":false}


